@Manual{R-AnnotationDbi,
  title = {AnnotationDbi: Manipulation of SQLite-based annotations in Bioconductor},
  author = {Hervé Pagès and Marc Carlson and Seth Falcon and Nianhua Li},
  year = {2021},
  note = {R package version 1.54.1},
  url = {https://bioconductor.org/packages/AnnotationDbi},
}

@Manual{R-base,
  title = {R: A Language and Environment for Statistical Computing},
  author = {{R Core Team}},
  organization = {R Foundation for Statistical Computing},
  address = {Vienna, Austria},
  year = {2021},
  url = {https://www.R-project.org/},
}

@Manual{R-Biobase,
  title = {Biobase: Base functions for Bioconductor},
  author = {R. Gentleman and V. Carey and M. Morgan and S. Falcon},
  year = {2021},
  note = {R package version 2.52.0},
  url = {https://bioconductor.org/packages/Biobase},
}

@Manual{R-biobroom,
  title = {biobroom: Turn Bioconductor objects into tidy data frames},
  author = {Andrew J. Bass and David G. Robinson and Steve Lianoglou and Emily Nelson and John D. Storey and with contributions from Laurent Gatto},
  year = {2021},
  note = {R package version 1.24.0},
  url = {https://github.com/StoreyLab/biobroom},
}

@Manual{R-BiocGenerics,
  title = {BiocGenerics: S4 generic functions used in Bioconductor},
  author = {The Bioconductor Dev Team},
  year = {2021},
  note = {R package version 0.38.0},
  url = {https://bioconductor.org/packages/BiocGenerics},
}

@Manual{R-biomaRt,
  title = {biomaRt: Interface to BioMart databases (i.e. Ensembl)},
  author = {Steffen Durinck and Wolfgang Huber},
  year = {2021},
  note = {R package version 2.48.3},
}

@Manual{R-biomartr,
  title = {biomartr: Genomic Data Retrieval},
  author = {Hajk-Georg Drost},
  year = {2020},
  note = {R package version 0.9.2},
  url = {https://CRAN.R-project.org/package=biomartr},
}

@Manual{R-BloodCancerMultiOmics2017,
  title = {BloodCancerMultiOmics2017: "Drug-perturbation-based stratification of blood cancer" by
Dietrich S, Oles M, Lu J et al. - experimental data and
complete analysis},
  author = {Malgorzata Oles and Sascha Dietrich and Junyan Lu and Britta Velten and Andreas Mock and Vladislav Kim and Wolfgang Huber},
  year = {2021},
  note = {R package version 1.12.0},
}

@Manual{R-bookdown,
  title = {bookdown: Authoring Books and Technical Documents with R Markdown},
  author = {Yihui Xie},
  year = {2021},
  note = {R package version 0.23},
  url = {https://CRAN.R-project.org/package=bookdown},
}

@Manual{R-broom,
  title = {broom: Convert Statistical Objects into Tidy Tibbles},
  author = {David Robinson and Alex Hayes and Simon Couch},
  year = {2021},
  note = {R package version 0.7.9},
  url = {https://CRAN.R-project.org/package=broom},
}

@Manual{R-ChIPseeker,
  title = {ChIPseeker: ChIPseeker for ChIP peak Annotation, Comparison, and
Visualization},
  author = {Guangchuang Yu},
  year = {2021},
  note = {R package version 1.28.3},
  url = {https://guangchuangyu.github.io/software/ChIPseeker},
}

@Manual{R-clusterProfiler,
  title = {clusterProfiler: A universal enrichment tool for interpreting omics data},
  author = {Guangchuang Yu},
  year = {2021},
  note = {R package version 4.0.4},
  url = {https://yulab-smu.top/biomedical-knowledge-mining-book/},
}

@Manual{R-ConsensusClusterPlus,
  title = {ConsensusClusterPlus: ConsensusClusterPlus},
  author = {Matt Wilkerson and Peter Waltman},
  year = {2021},
  note = {R package version 1.56.0},
}

@Manual{R-cowplot,
  title = {cowplot: Streamlined Plot Theme and Plot Annotations for ggplot2},
  author = {Claus O. Wilke},
  year = {2020},
  note = {R package version 1.1.1},
  url = {https://wilkelab.org/cowplot/},
}

@Manual{R-data.table,
  title = {data.table: Extension of `data.frame`},
  author = {Matt Dowle and Arun Srinivasan},
  year = {2021},
  note = {R package version 1.14.0},
  url = {https://CRAN.R-project.org/package=data.table},
}

@Manual{R-DESeq2,
  title = {DESeq2: Differential gene expression analysis based on the negative
binomial distribution},
  author = {Michael Love and Simon Anders and Wolfgang Huber},
  year = {2021},
  note = {R package version 1.32.0},
  url = {https://github.com/mikelove/DESeq2},
}

@Manual{R-dplyr,
  title = {dplyr: A Grammar of Data Manipulation},
  author = {Hadley Wickham and Romain François and Lionel Henry and Kirill Müller},
  year = {2021},
  note = {R package version 1.0.7},
  url = {https://CRAN.R-project.org/package=dplyr},
}

@Manual{R-fgsea,
  title = {fgsea: Fast Gene Set Enrichment Analysis},
  author = {Gennady Korotkevich and Vladimir Sukhov and Alexey Sergushichev},
  year = {2021},
  note = {R package version 1.18.0},
  url = {https://github.com/ctlab/fgsea/},
}

@Manual{R-forcats,
  title = {forcats: Tools for Working with Categorical Variables (Factors)},
  author = {Hadley Wickham},
  year = {2021},
  note = {R package version 0.5.1},
  url = {https://CRAN.R-project.org/package=forcats},
}

@Manual{R-Formula,
  title = {Formula: Extended Model Formulas},
  author = {Achim Zeileis and Yves Croissant},
  year = {2020},
  note = {R package version 1.2-4},
  url = {https://CRAN.R-project.org/package=Formula},
}

@Manual{R-genomation,
  title = {genomation: Summary, annotation and visualization of genomic data},
  author = {Altuna Akalin and Vedran Franke and Katarzyna Wreczycka and Alexander Gosdschan and Liz Ing-Simmons and Bozena Mika-Gospodorz},
  year = {2021},
  note = {R package version 1.24.0},
  url = {http://bioinformatics.mdc-berlin.de/genomation/},
}

@Manual{R-GenomeInfoDb,
  title = {GenomeInfoDb: Utilities for manipulating chromosome names, including modifying
them to follow a particular naming style},
  author = {Sonali Arora and Martin Morgan and Marc Carlson and H. Pagès},
  year = {2021},
  note = {R package version 1.28.1},
  url = {https://bioconductor.org/packages/GenomeInfoDb},
}

@Manual{R-GenomicFeatures,
  title = {GenomicFeatures: Conveniently import and query gene models},
  author = {M. Carlson and H. Pagès and P. Aboyoun and S. Falcon and M. Morgan and D. Sarkar and M. Lawrence and V. Obenchain},
  year = {2021},
  note = {R package version 1.44.1},
  url = {https://bioconductor.org/packages/GenomicFeatures},
}

@Manual{R-GenomicRanges,
  title = {GenomicRanges: Representation and manipulation of genomic intervals},
  author = {P. Aboyoun and H. Pagès and M. Lawrence},
  year = {2021},
  note = {R package version 1.44.0},
  url = {https://bioconductor.org/packages/GenomicRanges},
}

@Manual{R-ggbeeswarm,
  title = {ggbeeswarm: Categorical Scatter (Violin Point) Plots},
  author = {Erik Clarke and Scott Sherrill-Mix},
  year = {2017},
  note = {R package version 0.6.0},
  url = {https://github.com/eclarke/ggbeeswarm},
}

@Manual{R-ggfortify,
  title = {ggfortify: Data Visualization Tools for Statistical Analysis Results},
  author = {Masaaki Horikoshi and Yuan Tang},
  year = {2021},
  note = {R package version 0.4.12},
  url = {https://github.com/sinhrks/ggfortify},
}

@Manual{R-ggh4x,
  title = {ggh4x: Hacks for ggplot2},
  author = {Teun {van den Brand}},
  year = {2021},
  note = {R package version 0.1.2.1},
  url = {https://github.com/teunbrand/ggh4x},
}

@Manual{R-ggplot2,
  title = {ggplot2: Create Elegant Data Visualisations Using the Grammar of Graphics},
  author = {Hadley Wickham and Winston Chang and Lionel Henry and Thomas Lin Pedersen and Kohske Takahashi and Claus Wilke and Kara Woo and Hiroaki Yutani and Dewey Dunnington},
  year = {2021},
  note = {R package version 3.3.5},
  url = {https://CRAN.R-project.org/package=ggplot2},
}

@Manual{R-ggplotify,
  title = {ggplotify: Convert Plot to grob or ggplot Object},
  author = {Guangchuang Yu},
  year = {2021},
  note = {R package version 0.0.8},
  url = {https://github.com/GuangchuangYu/ggplotify},
}

@Manual{R-ggpubr,
  title = {ggpubr: ggplot2 Based Publication Ready Plots},
  author = {Alboukadel Kassambara},
  year = {2020},
  note = {R package version 0.4.0},
  url = {https://rpkgs.datanovia.com/ggpubr/},
}

@Manual{R-ggrepel,
  title = {ggrepel: Automatically Position Non-Overlapping Text Labels with
ggplot2},
  author = {Kamil Slowikowski},
  year = {2021},
  note = {R package version 0.9.1},
  url = {https://github.com/slowkow/ggrepel},
}

@Manual{R-glmnet,
  title = {glmnet: Lasso and Elastic-Net Regularized Generalized Linear Models},
  author = {Jerome Friedman and Trevor Hastie and Rob Tibshirani and Balasubramanian Narasimhan and Kenneth Tay and Noah Simon},
  year = {2021},
  note = {R package version 4.1-2},
  url = {https://CRAN.R-project.org/package=glmnet},
}

@Manual{R-gridExtra,
  title = {gridExtra: Miscellaneous Functions for "Grid" Graphics},
  author = {Baptiste Auguie},
  year = {2017},
  note = {R package version 2.3},
  url = {https://CRAN.R-project.org/package=gridExtra},
}

@Manual{R-gtable,
  title = {gtable: Arrange Grobs in Tables},
  author = {Hadley Wickham and Thomas Lin Pedersen},
  year = {2019},
  note = {R package version 0.3.0},
  url = {https://github.com/r-lib/gtable},
}

@Manual{R-Hmisc,
  title = {Hmisc: Harrell Miscellaneous},
  author = {Harrell, Jr., Frank E},
  year = {2021},
  note = {R package version 4.5-0},
  url = {https://CRAN.R-project.org/package=Hmisc},
}

@Manual{R-IRanges,
  title = {IRanges: Foundation of integer range manipulation in Bioconductor},
  author = {H. Pagès and P. Aboyoun and M. Lawrence},
  year = {2021},
  note = {R package version 2.26.0},
  url = {https://bioconductor.org/packages/IRanges},
}

@Manual{R-kableExtra,
  title = {kableExtra: Construct Complex Table with kable and Pipe Syntax},
  author = {Hao Zhu},
  year = {2021},
  note = {R package version 1.3.4},
  url = {https://CRAN.R-project.org/package=kableExtra},
}

@Manual{R-lattice,
  title = {lattice: Trellis Graphics for R},
  author = {Deepayan Sarkar},
  year = {2021},
  note = {R package version 0.20-44},
  url = {http://lattice.r-forge.r-project.org/},
}

@Manual{R-magrittr,
  title = {magrittr: A Forward-Pipe Operator for R},
  author = {Stefan Milton Bache and Hadley Wickham},
  year = {2020},
  note = {R package version 2.0.1},
  url = {https://CRAN.R-project.org/package=magrittr},
}

@Manual{R-Matrix,
  title = {Matrix: Sparse and Dense Matrix Classes and Methods},
  author = {Douglas Bates and Martin Maechler},
  year = {2021},
  note = {R package version 1.3-4},
  url = {http://Matrix.R-forge.R-project.org/},
}

@Manual{R-MatrixGenerics,
  title = {MatrixGenerics: S4 Generic Summary Statistic Functions that Operate on
Matrix-Like Objects},
  author = {Constantin Ahlmann-Eltze and Peter Hickey and Hervé Pagès},
  year = {2021},
  note = {R package version 1.4.2},
  url = {https://bioconductor.org/packages/MatrixGenerics},
}

@Manual{R-matrixStats,
  title = {matrixStats: Functions that Apply to Rows and Columns of Matrices (and to
Vectors)},
  author = {Henrik Bengtsson},
  year = {2021},
  note = {R package version 0.60.0},
  url = {https://github.com/HenrikBengtsson/matrixStats},
}

@Manual{R-msigdbr,
  title = {msigdbr: MSigDB Gene Sets for Multiple Organisms in a Tidy Data Format},
  author = {Igor Dolgalev},
  year = {2021},
  note = {R package version 7.4.1},
  url = {https://igordot.github.io/msigdbr/},
}

@Manual{R-MultiAssayExperiment,
  title = {MultiAssayExperiment: Software for the integration of multi-omics experiments in
Bioconductor},
  author = {Marcel Ramos and Levi Waldron},
  year = {2021},
  note = {R package version 1.18.0},
  url = {http://waldronlab.io/MultiAssayExperiment/},
}

@Manual{R-org.Hs.eg.db,
  title = {org.Hs.eg.db: Genome wide annotation for Human},
  author = {Marc Carlson},
  year = {2021},
  note = {R package version 3.13.0},
}

@Manual{R-patchwork,
  title = {patchwork: The Composer of Plots},
  author = {Thomas Lin Pedersen},
  year = {2020},
  note = {R package version 1.1.1},
  url = {https://CRAN.R-project.org/package=patchwork},
}

@Manual{R-pheatmap,
  title = {pheatmap: Pretty Heatmaps},
  author = {Raivo Kolde},
  year = {2019},
  note = {R package version 1.0.12},
  url = {https://CRAN.R-project.org/package=pheatmap},
}

@Manual{R-plyr,
  title = {plyr: Tools for Splitting, Applying and Combining Data},
  author = {Hadley Wickham},
  year = {2020},
  note = {R package version 1.8.6},
  url = {https://CRAN.R-project.org/package=plyr},
}

@Manual{R-png,
  title = {png: Read and write PNG images},
  author = {Simon Urbanek},
  year = {2013},
  note = {R package version 0.1-7},
  url = {http://www.rforge.net/png/},
}

@Manual{R-purrr,
  title = {purrr: Functional Programming Tools},
  author = {Lionel Henry and Hadley Wickham},
  year = {2020},
  note = {R package version 0.3.4},
  url = {https://CRAN.R-project.org/package=purrr},
}

@Manual{R-RColorBrewer,
  title = {RColorBrewer: ColorBrewer Palettes},
  author = {Erich Neuwirth},
  year = {2014},
  note = {R package version 1.1-2},
  url = {https://CRAN.R-project.org/package=RColorBrewer},
}

@Manual{R-readr,
  title = {readr: Read Rectangular Text Data},
  author = {Hadley Wickham and Jim Hester},
  year = {2021},
  note = {R package version 2.0.1},
  url = {https://CRAN.R-project.org/package=readr},
}

@Manual{R-reshape2,
  title = {reshape2: Flexibly Reshape Data: A Reboot of the Reshape Package},
  author = {Hadley Wickham},
  year = {2020},
  note = {R package version 1.4.4},
  url = {https://github.com/hadley/reshape},
}

@Manual{R-S4Vectors,
  title = {S4Vectors: Foundation of vector-like and list-like containers in
Bioconductor},
  author = {H. Pagès and M. Lawrence and P. Aboyoun},
  year = {2021},
  note = {R package version 0.30.0},
  url = {https://bioconductor.org/packages/S4Vectors},
}

@Manual{R-scales,
  title = {scales: Scale Functions for Visualization},
  author = {Hadley Wickham and Dana Seidel},
  year = {2020},
  note = {R package version 1.1.1},
  url = {https://CRAN.R-project.org/package=scales},
}

@Manual{R-stringr,
  title = {stringr: Simple, Consistent Wrappers for Common String Operations},
  author = {Hadley Wickham},
  year = {2019},
  note = {R package version 1.4.0},
  url = {https://CRAN.R-project.org/package=stringr},
}

@Manual{R-SummarizedExperiment,
  title = {SummarizedExperiment: SummarizedExperiment container},
  author = {Martin Morgan and Valerie Obenchain and Jim Hester and Hervé Pagès},
  year = {2021},
  note = {R package version 1.22.0},
  url = {https://bioconductor.org/packages/SummarizedExperiment},
}

@Manual{R-survival,
  title = {survival: Survival Analysis},
  author = {Terry M Therneau},
  year = {2021},
  note = {R package version 3.2-12},
  url = {https://github.com/therneau/survival},
}

@Manual{R-survminer,
  title = {survminer: Drawing Survival Curves using ggplot2},
  author = {Alboukadel Kassambara and Marcin Kosinski and Przemyslaw Biecek},
  year = {2021},
  note = {R package version 0.4.9},
  url = {https://rpkgs.datanovia.com/survminer/index.html},
}

@Manual{R-tibble,
  title = {tibble: Simple Data Frames},
  author = {Kirill Müller and Hadley Wickham},
  year = {2021},
  note = {R package version 3.1.3},
  url = {https://CRAN.R-project.org/package=tibble},
}

@Manual{R-tidyr,
  title = {tidyr: Tidy Messy Data},
  author = {Hadley Wickham},
  year = {2021},
  note = {R package version 1.1.3},
  url = {https://CRAN.R-project.org/package=tidyr},
}

@Manual{R-tidyverse,
  title = {tidyverse: Easily Install and Load the Tidyverse},
  author = {Hadley Wickham},
  year = {2021},
  note = {R package version 1.3.1},
  url = {https://CRAN.R-project.org/package=tidyverse},
}

@Manual{R-TxDb.Hsapiens.UCSC.hg19.knownGene,
  title = {TxDb.Hsapiens.UCSC.hg19.knownGene: Annotation package for TxDb object(s)},
  author = {Marc Carlson and Bioconductor Package Maintainer},
  year = {2015},
  note = {R package version 3.2.2},
}

@Article{Biobase2015,
  author = {W. Huber and V. J. Carey and R. Gentleman and S. Anders and M. Carlson and B. S. Carvalho and H. C. Bravo and S. Davis and L. Gatto and T. Girke and R. Gottardo and F. Hahne and K. D. Hansen and R. A. Irizarry and M. Lawrence and M. I. Love and J. MacDonald and V. Obenchain and A. K. {Ole's} and H. {Pag`es} and A. Reyes and P. Shannon and G. K. Smyth and D. Tenenbaum and L. Waldron and M. Morgan},
  title = {{O}rchestrating high-throughput genomic analysis with {B}ioconductor},
  journal = {Nature Methods},
  year = {2015},
  volume = {12},
  number = {2},
  pages = {115--121},
  url = {http://www.nature.com/nmeth/journal/v12/n2/full/nmeth.3252.html},
}

@Article{BiocGenerics2015,
  author = {{Huber} and {W.} and {Carey} and V. J. and {Gentleman} and {R.} and {Anders} and {S.} and {Carlson} and {M.} and {Carvalho} and B. S. and {Bravo} and H. C. and {Davis} and {S.} and {Gatto} and {L.} and {Girke} and {T.} and {Gottardo} and {R.} and {Hahne} and {F.} and {Hansen} and K. D. and {Irizarry} and R. A. and {Lawrence} and {M.} and {Love} and M. I. and {MacDonald} and {J.} and {Obenchain} and {V.} and {{Ole's}} and A. K. and {{Pag`es}} and {H.} and {Reyes} and {A.} and {Shannon} and {P.} and {Smyth} and G. K. and {Tenenbaum} and {D.} and {Waldron} and {L.} and {Morgan} and {M.}},
  title = {{O}rchestrating high-throughput genomic analysis with {B}ioconductor},
  journal = {Nature Methods},
  year = {2015},
  volume = {12},
  number = {2},
  pages = {115--121},
  url = {http://www.nature.com/nmeth/journal/v12/n2/full/nmeth.3252.html},
}

@Article{biomaRt2009,
  title = {Mapping identifiers for the integration of genomic datasets with the R/Bioconductor package biomaRt},
  author = {Steffen Durinck and Paul T. Spellman and Ewan Birney and Wolfgang Huber},
  journal = {Nature Protocols},
  year = {2009},
  volume = {4},
  pages = {1184--1191},
}

@Article{biomaRt2005,
  title = {BioMart and Bioconductor: a powerful link between biological databases and microarray data analysis},
  author = {Steffen Durinck and Yves Moreau and Arek Kasprzyk and Sean Davis and Bart {De Moor} and Alvis Brazma and Wolfgang Huber},
  journal = {Bioinformatics},
  year = {2005},
  volume = {21},
  pages = {3439--3440},
}

@Article{biomartr2017,
  title = {Biomartr: genomic data retrieval with R},
  author = {Drost Hajk-Georg and Paszkowski Jerzy},
  journal = {Bioinformatics},
  year = {2017},
  url = {https://academic.oup.com/bioinformatics/article/doi/10.1093/bioinformatics/btw821/2931816/Biomartr-genomic-data-retrieval-with-R},
}

@Book{bookdown2016,
  title = {bookdown: Authoring Books and Technical Documents with {R} Markdown},
  author = {Yihui Xie},
  publisher = {Chapman and Hall/CRC},
  address = {Boca Raton, Florida},
  year = {2016},
  note = {ISBN 978-1138700109},
  url = {https://bookdown.org/yihui/bookdown},
}

@Article{ChIPseeker2015,
  title = {ChIPseeker: an R/Bioconductor package for ChIP peak annotation, comparison and visualization},
  author = {Guangchuang Yu and Li-Gen Wang and Qing-Yu He},
  journal = {Bioinformatics},
  year = {2015},
  volume = {31},
  number = {14},
  pages = {2382-2383},
  pmid = {25765347},
  doi = {10.1093/bioinformatics/btv145},
}

@Article{clusterProfiler2021,
  title = {clusterProfiler 4.0: A universal enrichment tool for interpreting omics data},
  author = {Tianzhi Wu and Erqiang Hu and Shuangbin Xu and Meijun Chen and Pingfan Guo and Zehan Dai and Tingze Feng and Lang Zhou and Wenli Tang and Li Zhan and xiaochong Fu and Shanshan Liu and Xiaochen Bo and Guangchuang Yu},
  journal = {The Innovation},
  year = {2021},
  volume = {2},
  number = {3},
  pages = {100141},
  doi = {10.1016/j.xinn.2021.100141},
}

@Article{clusterProfiler2012,
  title = {clusterProfiler: an R package for comparing biological themes among gene clusters},
  author = {Guangchuang Yu and Li-Gen Wang and Yanyan Han and Qing-Yu He},
  journal = {OMICS: A Journal of Integrative Biology},
  year = {2012},
  volume = {16},
  number = {5},
  pages = {284-287},
  pmid = {22455463},
  doi = {10.1089/omi.2011.0118},
}

@Article{ConsensusClusterPlus2010,
  author = {{Wilkerson} and Matthew D. and {Hayes} and D. Neil},
  title = {ConsensusClusterPlus: a class discovery tool with confidence assessments and item tracking},
  volume = {26},
  number = {12},
  pages = {1572-1573},
  year = {2010},
  url = {http://bioinformatics.oxfordjournals.org/content/26/12/1572.abstract},
  journal = {Bioinformatics},
}

@Article{DESeq22014,
  title = {Moderated estimation of fold change and dispersion for RNA-seq data with DESeq2},
  author = {Michael I. Love and Wolfgang Huber and Simon Anders},
  year = {2014},
  journal = {Genome Biology},
  doi = {10.1186/s13059-014-0550-8},
  volume = {15},
  issue = {12},
  pages = {550},
}

@Article{fgsea2019,
  author = {Gennady Korotkevich and Vladimir Sukhov and Alexey Sergushichev},
  title = {Fast gene set enrichment analysis},
  year = {2019},
  doi = {10.1101/060012},
  publisher = {Cold Spring Harbor Labs Journals},
  url = {http://biorxiv.org/content/early/2016/06/20/060012},
  journal = {bioRxiv},
}

@Article{Formula2010,
  title = {Extended Model Formulas in {R}: Multiple Parts and Multiple Responses},
  author = {Achim Zeileis and Yves Croissant},
  journal = {Journal of Statistical Software},
  year = {2010},
  volume = {34},
  number = {1},
  pages = {1--13},
  doi = {10.18637/jss.v034.i01},
}

@Article{genomation2014,
  title = {genomation: a toolkit to summarize, annotate and visualize genomic intervals},
  author = {Altuna Akalin and Vedran Franke and Kristian Vlahovicek and Christopher Mason and Dirk Schubeler},
  year = {2014},
  journal = {Bioinformatics},
  doi = {10.1093/bioinformatics/btu775},
  url = {http://bioinformatics.oxfordjournals.org/content/early/2014/12/04/bioinformatics.btu775.long},
}

@Article{GenomicFeatures2013,
  title = {Software for Computing and Annotating Genomic Ranges},
  author = {Michael Lawrence and Wolfgang Huber and Herv\'e Pag\`es and Patrick Aboyoun and Marc Carlson and Robert Gentleman and Martin Morgan and Vincent Carey},
  year = {2013},
  journal = {{PLoS} Computational Biology},
  volume = {9},
  issue = {8},
  doi = {10.1371/journal.pcbi.1003118},
  url = {http://www.ploscompbiol.org/article/info%3Adoi%2F10.1371%2Fjournal.pcbi.1003118},
}

@Article{GenomicRanges2013,
  title = {Software for Computing and Annotating Genomic Ranges},
  author = {Michael Lawrence and Wolfgang Huber and Herv\'e Pag\`es and Patrick Aboyoun and Marc Carlson and Robert Gentleman and Martin Morgan and Vincent Carey},
  year = {2013},
  journal = {{PLoS} Computational Biology},
  volume = {9},
  issue = {8},
  doi = {10.1371/journal.pcbi.1003118},
  url = {http://www.ploscompbiol.org/article/info%3Adoi%2F10.1371%2Fjournal.pcbi.1003118},
}

@Article{ggfortify2016,
  author = {Yuan Tang and Masaaki Horikoshi and Wenxuan Li},
  title = {ggfortify: Unified Interface to Visualize Statistical Result of Popular R Packages},
  journal = {The R Journal},
  year = {2016},
  number = {2},
  volume = {8},
  pages = {474--485},
  url = {https://doi.org/10.32614/RJ-2016-060},
  doi = {10.32614/RJ-2016-060},
}

@Manual{ggfortify2018,
  author = {Masaaki Horikoshi and Yuan Tang},
  title = {ggfortify: Data Visualization Tools for Statistical Analysis Results},
  year = {2018},
  url = {https://CRAN.R-project.org/package=ggfortify},
}

@Book{ggplot22016,
  author = {Hadley Wickham},
  title = {ggplot2: Elegant Graphics for Data Analysis},
  publisher = {Springer-Verlag New York},
  year = {2016},
  isbn = {978-3-319-24277-4},
  url = {https://ggplot2.tidyverse.org},
}

@Article{glmnet2010,
  title = {Regularization Paths for Generalized Linear Models via Coordinate Descent},
  author = {Jerome Friedman and Trevor Hastie and Robert Tibshirani},
  journal = {Journal of Statistical Software},
  year = {2010},
  volume = {33},
  number = {1},
  pages = {1--22},
  url = {https://www.jstatsoft.org/v33/i01/},
}

@Article{glmnet2011,
  title = {Regularization Paths for Cox's Proportional Hazards Model via Coordinate Descent},
  author = {Noah Simon and Jerome Friedman and Trevor Hastie and Rob Tibshirani},
  journal = {Journal of Statistical Software},
  year = {2011},
  volume = {39},
  number = {5},
  pages = {1--13},
  url = {https://www.jstatsoft.org/v39/i05/},
}

@Article{IRanges2013,
  title = {Software for Computing and Annotating Genomic Ranges},
  author = {Michael Lawrence and Wolfgang Huber and Herv\'e Pag\`es and Patrick Aboyoun and Marc Carlson and Robert Gentleman and Martin Morgan and Vincent Carey},
  year = {2013},
  journal = {{PLoS} Computational Biology},
  volume = {9},
  issue = {8},
  doi = {10.1371/journal.pcbi.1003118},
  url = {http://www.ploscompbiol.org/article/info%3Adoi%2F10.1371%2Fjournal.pcbi.1003118},
}

@Book{lattice2008,
  title = {Lattice: Multivariate Data Visualization with R},
  author = {Deepayan Sarkar},
  publisher = {Springer},
  address = {New York},
  year = {2008},
  note = {ISBN 978-0-387-75968-5},
  url = {http://lmdvr.r-forge.r-project.org},
}

@Article{MultiAssayExperiment2017,
  title = {Software For The Integration Of Multi-Omics Experiments In Bioconductor},
  author = {Marcel Ramos and Lucas Schiffer and Angela Re and Rimsha Azhar and Azfar Basunia and Carmen Rodriguez Cabrera and Tiffany Chan and Philip Chapman and Sean Davis and David Gomez-Cabrero and Aedin C. Culhane and Benjamin Haibe-Kains and Kasper Hansen and Hanish Kodali and Marie Stephie Louis and Arvind Singh Mer and Markus Reister and Martin Morgan and Vincent Carey and Levi Waldron},
  journal = {Cancer Research},
  year = {2017},
  volume = {77(21); e39-42},
}

@Article{plyr2011,
  title = {The Split-Apply-Combine Strategy for Data Analysis},
  author = {Hadley Wickham},
  journal = {Journal of Statistical Software},
  year = {2011},
  volume = {40},
  number = {1},
  pages = {1--29},
  url = {http://www.jstatsoft.org/v40/i01/},
}

@Article{reshape22007,
  title = {Reshaping Data with the {reshape} Package},
  author = {Hadley Wickham},
  journal = {Journal of Statistical Software},
  year = {2007},
  volume = {21},
  number = {12},
  pages = {1--20},
  url = {http://www.jstatsoft.org/v21/i12/},
}

@Book{survival-book,
  title = {Modeling Survival Data: Extending the {C}ox Model},
  author = {{Terry M. Therneau} and {Patricia M. Grambsch}},
  year = {2000},
  publisher = {Springer},
  address = {New York},
  isbn = {0-387-98784-3},
}

@Article{tidyverse2019,
  title = {Welcome to the {tidyverse}},
  author = {Hadley Wickham and Mara Averick and Jennifer Bryan and Winston Chang and Lucy D'Agostino McGowan and Romain François and Garrett Grolemund and Alex Hayes and Lionel Henry and Jim Hester and Max Kuhn and Thomas Lin Pedersen and Evan Miller and Stephan Milton Bache and Kirill Müller and Jeroen Ooms and David Robinson and Dana Paige Seidel and Vitalie Spinu and Kohske Takahashi and Davis Vaughan and Claus Wilke and Kara Woo and Hiroaki Yutani},
  year = {2019},
  journal = {Journal of Open Source Software},
  volume = {4},
  number = {43},
  pages = {1686},
  doi = {10.21105/joss.01686},
}

